@book{maclane-moerdjik,
  title     = {Sheaves in geometry and logic: A first introduction to topos theory},
  author    = {MacLane, Saunders and Moerdijk, Ieke},
  year      = {2012},
  publisher = {Springer}
}

@ARTICLE{david-orbifolds,
  author        = {Myers, {David Jaz}},
  title         = "{Orbifolds as microlinear types in synthetic differential cohesive homotopy type theory}",
  journal       = {arXiv e-prints},
  keywords      = {Mathematics - Algebraic Topology, Mathematics - Category Theory, Mathematics - Differential Geometry, 18F40, F.4.1},
  year          = 2022,
  month         = may,
  eid           = {arXiv:2205.15887},
  pages         = {arXiv:2205.15887},
  archivePrefix = {arXiv},
  eprint        = {2205.15887},
  primaryClass  = {math.AT},
}


@phdthesis{ingo-thesis,
  author = {{Blechschmidt}, Ingo},
  title  = {Using the internal language of toposes in algebraic geometry},
  year   = 2017,
  place  = Augsburg,
  url    = {https://www.ingo-blechschmidt.eu/}
}

@article{taylor-synthetic-topology,
  author  = {Taylor, Paul},
  title   = {A Lambda Calculus for Real Analysis},
  journal = {Journal of Logic and Analysis},
  year    = 2010,
  month   = {August},
  volume  = 2,
  number  = 5,
  pages   = {1--115},
  doi     = {10.4115/jla.2010.2.5},
  url     = {PaulTaylor.EU/ASD/lamcra}
}
