
@online{formalization,
  title   = {Synthetic Geometry},
  author  = {{Cherubini}, Felix and {Hutzler}, Matthias},
  url     = {https://github.com/felixwellen/synthetic-geometry},
}

@online{draft,
  title   = {A Foundation for Synthetic Algebraic Geometry},
  author  = {{Cherubini}, Felix and {Coquand}, Thierry and {Hutzler}, Matthias},
  url     = {https://www.felix-cherubini.de/iag.pdf},
}

@online{myers-talk1,
  title   = {Logical Topology and Axiomatic Cohesion},
  author  = {{Myers}, David Jaz},
  year    = 2019,
  url     = {https://www.felix-cherubini.de/abstracts.html#myers},
}

@online{myers-talk2,
  title   = {Degrees, Dimensions, and Crispness},
  author  = {{Myers}, David Jaz},
  year    = 2019,
  url     = {https://www.felix-cherubini.de/abstracts.html#myers},
}

@book{kock-sdg,
  title     = {Synthetic Differential Geometry},
  author    = {Kock, Anders},
  year      = {2006},
  publisher = {London Mathematical Society Lecture Note Series}
}

@book{maclane-moerdjik,
  title     = {Sheaves in geometry and logic: A first introduction to topos theory},
  author    = {MacLane, Saunders and Moerdijk, Ieke},
  year      = {2012},
  publisher = {Springer}
}

@ARTICLE{david-orbifolds,
  author        = {Myers, {David Jaz}},
  title         = "{Orbifolds as microlinear types in synthetic differential cohesive homotopy type theory}",
  journal       = {arXiv e-prints},
  keywords      = {Mathematics - Algebraic Topology, Mathematics - Category Theory, Mathematics - Differential Geometry, 18F40, F.4.1},
  year          = 2022,
  month         = may,
  eid           = {arXiv:2205.15887},
  pages         = {arXiv:2205.15887},
  archivePrefix = {arXiv},
  eprint        = {2205.15887},
  primaryClass  = {math.AT},
}


@phdthesis{ingo-thesis,
  author = {{Blechschmidt}, Ingo},
  title  = {Using the internal language of toposes in algebraic geometry},
  year   = 2017,
  place  = Augsburg,
  url    = {https://www.ingo-blechschmidt.eu/}
}

@article{taylor-synthetic-topology,
  author  = {Taylor, Paul},
  title   = {A Lambda Calculus for Real Analysis},
  journal = {Journal of Logic and Analysis},
  year    = 2010,
  month   = {August},
  volume  = 2,
  number  = 5,
  pages   = {1--115},
  doi     = {10.4115/jla.2010.2.5},
  url     = {PaulTaylor.EU/ASD/lamcra}
}

@phdthesis{rosolini-phd-thesis,
  author = {Rosolini, Giuseppe},
  title  = {Continuity and effectiveness in topoi},
  year   = 1986,
  month  = 3,
  day    = 28
}

@inproceedings{licata-finster,
  author={Dan Licata and Eric Finster},
  title={Eilenberg-MacLane Spaces in Homotopy Type Theory},
  booktitle = {Proceedings of the Joint Meeting of the Twenty-Third EACSL Annual Conference on Computer Science Logic (CSL) and the Twenty-Ninth Annual ACM/IEEE Symposium on Logic in Computer Science (LICS)},
  series = {CSL-LICS '14},
  year = {2014},
  isbn = {978-1-4503-2886-9},
  location = {Vienna, Austria},
  pages = {66:1--66:9},
  articleno = {66},
  numpages = {9},
  url = {http://doi.acm.org/10.1145/2603088.2603153},
  doi = {10.1145/2603088.2603153},
  acmid = {2603153},
  publisher = {ACM},
  address = {New York, NY, USA}
}

@article{shulman-stack-semantics,
  author  = {Shulman, Michael A.},
  title   = {Stack semantics and the comparison of material and structural set theories},
  year    = 2010,
  journal = {arXiv e-prints},
  eid     = {arXiv:2205.15887}
}

@article{CRS21,
  author    = {Thierry Coquand and
               Fabian Ruch and
               Christian Sattler},
  title     = {Constructive sheaf models of type theory},
  journal   = {Math. Struct. Comput. Sci.},
  volume    = {31},
  number    = {9},
  pages     = {979--1002},
  year      = {2021},
  url       = {https://doi.org/10.1017/S0960129521000359},
  doi       = {10.1017/S0960129521000359},
  timestamp = {Mon, 08 Aug 2022 21:23:41 +0200},
  biburl    = {https://dblp.org/rec/journals/mscs/CoquandRS21.bib},
  bibsource = {dblp computer science bibliography, https://dblp.org}
}

@book{lombardi-quitte,
  doi = {10.1007/978-94-017-9944-7},
  url = {https://arxiv.org/abs/1605.04832},
  year = 2015,
  publisher = {Springer Netherlands},
  author = {Henri Lombardi and Claude Quitt{\'{e}}},
  title = {Commutative Algebra: Constructive Methods}
}
